@article{hennig2008dissolution,
  title={Dissolution point and isolation robustness: robustness criteria for general cluster analysis methods},
  author={Hennig, Christian},
  journal={Journal of multivariate analysis},
  volume={99},
  number={6},
  pages={1154--1176},
  year={2008},
  publisher={Elsevier}
}
