@Article{Bates:2015,
   title = {Fitting Linear Mixed-Effects Models Using {lme4}},
   author = {Douglas Bates and Martin M{\"a}chler and Ben Bolker and
     Steve Walker},
   journal = {Journal of Statistical Software},
   year = {2015},
   volume = {67},
   number = {1},
   pages = {1--48},
   doi = {10.18637/jss.v067.i01}
 }

@inproceedings{Seabold:2010,
  title={Statsmodels: Econometric and statistical modeling with python},
  author={Seabold, Skipper and Perktold, Josef},
  booktitle={Proceedings of the 9th Python in Science Conference},
  volume={57},
  pages={61},
  year={2010},
  organization={SciPy society Austin},
  doi= {https://doi.org/10.5281/zenodo.275519}
}

@article{Yarkoni:2016,
  title={Bambi: A simple interface for fitting Bayesian mixed effects models},
  author={Yarkoni, Tal and Westfall, Jake},
  year={2016},
  publisher={Open Science Framework},
  doi = {https://dx.doi.org/10.31219/osf.io/rv7sn}
}

@book{McKinney:2012,
  title={Python for data analysis: Data wrangling with Pandas, NumPy, and IPython},
  author={McKinney, Wes},
  year={2012},
  publisher={" O'Reilly Media, Inc."}
}

@article{Gautier:2008,
  title={rpy2: A Simple and Efficient Access to R from Python},
  author={Gautier, L},
  journal={URL http://rpy. sourceforge. net/rpy2. html},
  year={2008}
}

@article{Hunter:2007,
  title={Matplotlib: A 2D graphics environment},
  author={Hunter, John D},
  journal={Computing in science \& engineering},
  volume={9},
  number={3},
  pages={90--95},
  year={2007},
  doi = {10.1109/MCSE.2007.55},
  publisher={IEEE}
}

@article{Waskom:2014,
  title={Seaborn: statistical data visualization},
  author={Waskom, Michael and Botvinnik, O and Hobson, P and Warmenhoven, J and Cole, JB and Halchenko, Y and Vanderplas, J and Hoyer, S and Villalba, S and Quintero, E and others},
  journal={URL: https://seaborn. pydata. org/(visited on 2017-05-15)},
  year={2014},
  doi = {https://doi.org/10.5281/zenodo.1313201}
}

@article{Kuznetsova:2017,
  title={lmerTest package: tests in linear mixed effects models},
  author={Kuznetsova, Alexandra and Brockhoff, Per B and Christensen, Rune Haubo Bojesen},
  journal={Journal of Statistical Software},
  volume={82},
  number={13},
  year={2017},
  publisher={The Foundation for Open Access Statistics},
  doi = {http://dx.doi.org/10.18637/jss.v082.i13}
}

@article{Lenth:2016,
  title={Least-squares means: the R package lsmeans},
  author={Lenth, Russell V and others},
  journal={Journal of statistical software},
  volume={69},
  number={1},
  pages={1--33},
  year={2016},
  doi={http://dx.doi.org/10.18637/jss.v069.i01}
}

@inproceedings{Huber:1967,
  title={The behavior of maximum likelihood estimates under nonstandard conditions},
  author={Huber, Peter J and others},
  booktitle={Proceedings of the fifth Berkeley symposium on mathematical statistics and probability},
  volume={1},
  number={1},
  pages={221--233},
  year={1967},
  organization={University of California Press},
  doi = {https://projecteuclid.org/euclid.bsmsp/1200512988}
}
