
@ARTICLE{lenstronomy1,
       author = {{Birrer}, Simon and {Amara}, Adam},
        title = "{lenstronomy: Multi-purpose gravitational lens modelling software package}",
      journal = {Physics of the Dark Universe},
     keywords = {Gravitational lensing, Software, Image simulations, Astrophysics - Cosmology and Nongalactic Astrophysics},
         year = 2018,
        month = dec,
       volume = {22},
        pages = {189-201},
          doi = {10.1016/j.dark.2018.11.002},
archivePrefix = {arXiv},
       eprint = {1803.09746},
 primaryClass = {astro-ph.CO},
       adsurl = {https://ui.adsabs.harvard.edu/abs/2018PDU....22..189B},
      adsnote = {Provided by the SAO/NASA Astrophysics Data System}
}



@ARTICLE{Birrer:2015,
       author = {{Birrer}, Simon and {Amara}, Adam and {Refregier}, Alexandre},
        title = "{Gravitational Lens Modeling with Basis Sets}",
      journal = {The Astrophysical Journal},
     keywords = {cosmological parameters, distance scale, gravitational lensing: strong, methods: numerical, Astrophysics - Cosmology and Nongalactic Astrophysics},
         year = 2015,
        month = nov,
       volume = {813},
       number = {2},
          eid = {102},
        pages = {102},
          doi = {10.1088/0004-637X/813/2/102},
archivePrefix = {arXiv},
       eprint = {1504.07629},
 primaryClass = {astro-ph.CO},
       adsurl = {https://ui.adsabs.harvard.edu/abs/2015ApJ...813..102B},
      adsnote = {Provided by the SAO/NASA Astrophysics Data System}
}

@ARTICLE{Nightingale:2021,
       author = {{Nightingale}, James W. and {Hayes}, Richard and {Kelly}, Ashley and {Amvrosiadis}, Aristeidis and {Etherington}, Amy and {He}, Qiuhan and {Li}, Nan and {Cao}, XiaoYue and {Frawley}, Jonathan and {Cole}, Shaun and {Enia}, Andrea and {Frenk}, Carlos and {Harvey}, David and {Li}, Ran and {Massey}, Richard and {Negrello}, Mattia and {Robertson}, Andrew},
        title = "{PyAutoLens: Open-Source Strong Gravitational Lensing}",
      journal = {The Journal of Open Source Software},
     keywords = {Python, astronomy, galaxies, gravitational lensing, cosmology},
         year = 2021,
        month = feb,
       volume = {6},
       number = {58},
          eid = {2825},
        pages = {2825},
          doi = {10.21105/joss.02825},
       adsurl = {https://ui.adsabs.harvard.edu/abs/2021JOSS....6.2825N},
      adsnote = {Provided by the SAO/NASA Astrophysics Data System}
}


@MISC{Keeton:2011,
       author = {{Keeton}, Charles R.},
        title = "{GRAVLENS: Computational Methods for Gravitational Lensing}",
     keywords = {Software, NASA},
         year = 2011,
        month = feb,
          eid = {ascl:1102.003},
        pages = {ascl:1102.003},
archivePrefix = {ascl},
       eprint = {1102.003},
       adsurl = {https://ui.adsabs.harvard.edu/abs/2011ascl.soft02003K},
      adsnote = {Provided by the SAO/NASA Astrophysics Data System}
}


@MISC{Oguri:2010,
       author = {{Oguri}, Masamune},
        title = "{glafic: Software Package for Analyzing Gravitational Lensing}",
     keywords = {Software},
         year = 2010,
        month = oct,
          eid = {ascl:1010.012},
        pages = {ascl:1010.012},
archivePrefix = {ascl},
       eprint = {1010.012},
       adsurl = {https://ui.adsabs.harvard.edu/abs/2010ascl.soft10012O},
      adsnote = {Provided by the SAO/NASA Astrophysics Data System}
}




@ARTICLE{Nightingale:2018,
       author = {{Nightingale}, James W. and {Dye}, S. and {Massey}, Richard J.},
        title = "{AutoLens: automated modeling of a strong lens's light, mass, and source}",
      journal = {MNRAS},
     keywords = {gravitational lensing, galaxy: structure, methods: data analysis, Astrophysics - Cosmology and Nongalactic Astrophysics, Astrophysics - Astrophysics of Galaxies, Astrophysics - Instrumentation and Methods for Astrophysics},
         year = 2018,
        month = aug,
       volume = {478},
       number = {4},
        pages = {4738-4784},
          doi = {10.1093/mnras/sty1264},
archivePrefix = {arXiv},
       eprint = {1708.07377},
 primaryClass = {astro-ph.CO},
       adsurl = {https://ui.adsabs.harvard.edu/abs/2018MNRAS.478.4738N},
      adsnote = {Provided by the SAO/NASA Astrophysics Data System}
}

@ARTICLE{spilker16a,
  author = {{Spilker}, J.~S. and {Marrone}, D.~P. and {Aravena}, M. and
	{B{\'e}thermin}, M. and {Bothwell}, M.~S. and {Carlstrom}, J.~E. and
	{Chapman}, S.~C. and {Crawford}, T.~M. and {de Breuck}, C. and
	{Fassnacht}, C.~D. and {Gonzalez}, A.~H. and {Greve}, T.~R. and
	{Hezaveh}, Y. and {Litke}, K. and {Ma}, J. and {Malkan}, M. and
	{Rotermund}, K.~M. and {Strandet}, M. and {Vieira}, J.~D. and
	{Weiss}, A. and {Welikala}, N.},
  title = "{ALMA Imaging and Gravitational Lens Models of South Pole Telescope{\mdash}Selected Dusty, Star-Forming Galaxies at High Redshifts}",
  journal = {The Astrophysical Journal},
  archivePrefix = "arXiv",
  eprint = {1604.05723},
  keywords = {galaxies: high-redshift, galaxies: ISM, galaxies: star formation },
  year = 2016,
  month = aug,
  volume = 826,
  eid = {112},
  pages = {112},
  doi = {10.3847/0004-637X/826/2/112},
  adsurl = {http://adsabs.harvard.edu/abs/2016ApJ...826..112S},
  adsnote = {Provided by the SAO/NASA Astrophysics Data System}
}



@ARTICLE{Wagner-Carena:2021,
       author = {{Wagner-Carena}, Sebastian and {Park}, Ji Won and {Birrer}, Simon and {Marshall}, Philip J. and {Roodman}, Aaron and {Wechsler}, Risa H. and {LSST Dark Energy Science Collaboration}},
        title = "{Hierarchical Inference with Bayesian Neural Networks: An Application to Strong Gravitational Lensing}",
      journal = {The Astrophysical Journal},
     keywords = {Strong gravitational lensing, Cosmology, Computational methods, Convolutional neural networks, Hierarchical models, 1643, 343, 1965, 1938, 1925, Astrophysics - Cosmology and Nongalactic Astrophysics, Astrophysics - Instrumentation and Methods for Astrophysics, Computer Science - Machine Learning},
         year = 2021,
        month = mar,
       volume = {909},
       number = {2},
          eid = {187},
        pages = {187},
          doi = {10.3847/1538-4357/abdf59},
archivePrefix = {arXiv},
       eprint = {2010.13787},
 primaryClass = {astro-ph.CO},
       adsurl = {https://ui.adsabs.harvard.edu/abs/2021ApJ...909..187W},
      adsnote = {Provided by the SAO/NASA Astrophysics Data System}
}



@ARTICLE{Li:2021,
       author = {{Li}, Nan and {Becker}, Christoph and {Dye}, Simon},
        title = "{The impact of line-of-sight structures on measuring H$_{0}$ with strong lensing time-delays}",
      journal = {Monthly Notices of the Royal Astronomical Society},
     keywords = {gravitational lensing: strong, cosmology: cosmological parameters, Astrophysics - Cosmology and Nongalactic Astrophysics},
         year = 2021,
        month = apr,
          doi = {10.1093/mnras/stab984},
archivePrefix = {arXiv},
       eprint = {2006.08540},
 primaryClass = {astro-ph.CO},
       adsurl = {https://ui.adsabs.harvard.edu/abs/2021MNRAS.tmp..991L},
      adsnote = {Provided by the SAO/NASA Astrophysics Data System}
}


@ARTICLE{Ding:2021transient,
       author = {{Ding}, Xuheng and {Liao}, Kai and {Birrer}, Simon and {Shajib}, Anowar J. and {Treu}, Tommaso and {Yang}, Lilan},
        title = "{Improved time-delay lens modelling and H$_{0}$ inference with transient sources}",
      journal = {\mnras},
     keywords = {gravitational lensing: strong, methods: data analysis, cosmological parameters, Astrophysics - Cosmology and Nongalactic Astrophysics, Astrophysics - Astrophysics of Galaxies},
         year = 2021,
        month = jul,
       volume = {504},
       number = {4},
        pages = {5621-5628},
          doi = {10.1093/mnras/stab1240},
archivePrefix = {arXiv},
       eprint = {2103.08609},
 primaryClass = {astro-ph.CO},
       adsurl = {https://ui.adsabs.harvard.edu/abs/2021MNRAS.504.5621D},
      adsnote = {Provided by the SAO/NASA Astrophysics Data System}
}



@ARTICLE{Pagano:2020,
       author = {{Pagano}, G. and {Hannuksela}, O.~A. and {Li}, T.~G.~F.},
        title = "{LENSINGGW: a PYTHON package for lensing of gravitational waves}",
      journal = {Astronomy & Astrophysics},
     keywords = {gravitational lensing: strong, gravitational lensing: micro, gravitational waves, methods: numerical, Astrophysics - Cosmology and Nongalactic Astrophysics, Astrophysics - Astrophysics of Galaxies, Astrophysics - High Energy Astrophysical Phenomena, General Relativity and Quantum Cosmology},
         year = 2020,
        month = nov,
       volume = {643},
          eid = {A167},
        pages = {A167},
          doi = {10.1051/0004-6361/202038730},
archivePrefix = {arXiv},
       eprint = {2006.12879},
 primaryClass = {astro-ph.CO},
       adsurl = {https://ui.adsabs.harvard.edu/abs/2020A&A...643A.167P},
      adsnote = {Provided by the SAO/NASA Astrophysics Data System}
}



@ARTICLE{Galan:2021,
       author = {{Galan}, A. and {Peel}, A. and {Joseph}, R. and {Courbin}, F. and {Starck}, J. -L.},
        title = "{SLITRONOMY: Towards a fully wavelet-based strong lensing inversion technique}",
      journal = {Astronomy & Astrophysics},
     keywords = {gravitation, gravitational lensing: strong, methods: data analysis, techniques: image processing, galaxies: high-redshift, galaxies: structure, Astrophysics - Astrophysics of Galaxies, Astrophysics - Cosmology and Nongalactic Astrophysics, Astrophysics - Instrumentation and Methods for Astrophysics},
         year = 2021,
        month = mar,
       volume = {647},
          eid = {A176},
        pages = {A176},
          doi = {10.1051/0004-6361/202039363},
archivePrefix = {arXiv},
       eprint = {2012.02802},
 primaryClass = {astro-ph.GA},
       adsurl = {https://ui.adsabs.harvard.edu/abs/2021A&A...647A.176G},
      adsnote = {Provided by the SAO/NASA Astrophysics Data System}
}



@ARTICLE{BirrerTreu:2021,
       author = {{Birrer}, Simon and {Treu}, Tommaso},
        title = "{TDCOSMO V: strategies for precise and accurate measurements of the Hubble constant with strong lensing}",
      journal = {arXiv e-prints},
     keywords = {Astrophysics - Cosmology and Nongalactic Astrophysics, Astrophysics - Astrophysics of Galaxies},
         year = 2020,
        month = aug,
          eid = {arXiv:2008.06157},
        pages = {arXiv:2008.06157},
archivePrefix = {arXiv},
       eprint = {2008.06157},
 primaryClass = {astro-ph.CO},
       adsurl = {https://ui.adsabs.harvard.edu/abs/2020arXiv200806157B},
      adsnote = {Provided by the SAO/NASA Astrophysics Data System}
}

@ARTICLE{Park:2021,
       author = {{Park}, Ji Won and {Wagner-Carena}, Sebastian and {Birrer}, Simon and {Marshall}, Philip J. and {Lin}, Joshua Yao-Yu and {Roodman}, Aaron and {LSST Dark Energy Science Collaboration}},
        title = "{Large-scale Gravitational Lens Modeling with Bayesian Neural Networks for Accurate and Precise Inference of the Hubble Constant}",
      journal = {The Astrophysical Journal},
     keywords = {Hubble constant, Cosmology, Bayesian statistics, Hierarchical models, Strong gravitational lensing, Publicly available software, 758, 343, 1900, 1925, 1643, 1864, Astrophysics - Instrumentation and Methods for Astrophysics, Astrophysics - Cosmology and Nongalactic Astrophysics, Computer Science - Machine Learning},
         year = 2021,
        month = mar,
       volume = {910},
       number = {1},
          eid = {39},
        pages = {39},
          doi = {10.3847/1538-4357/abdfc4},
archivePrefix = {arXiv},
       eprint = {2012.00042},
 primaryClass = {astro-ph.IM},
       adsurl = {https://ui.adsabs.harvard.edu/abs/2021ApJ...910...39P},
      adsnote = {Provided by the SAO/NASA Astrophysics Data System}
}

@ARTICLE{Joseph:2019,
       author = {{Joseph}, R. and {Courbin}, F. and {Starck}, J. -L. and {Birrer}, Simon},
        title = "{Sparse Lens Inversion Technique (SLIT): lens and source separability from linear inversion of the source reconstruction problem}",
      journal = {Astronomy & Astrophysics},
     keywords = {gravitational lensing: strong, methods: data analysis, techniques: image processing, galaxies: high-redshift, Astrophysics - Instrumentation and Methods for Astrophysics, Astrophysics - Cosmology and Nongalactic Astrophysics},
         year = 2019,
        month = mar,
       volume = {623},
          eid = {A14},
        pages = {A14},
          doi = {10.1051/0004-6361/201731042},
archivePrefix = {arXiv},
       eprint = {1809.09121},
 primaryClass = {astro-ph.IM},
       adsurl = {https://ui.adsabs.harvard.edu/abs/2019A&A...623A..14J},
      adsnote = {Provided by the SAO/NASA Astrophysics Data System}
}

@ARTICLE{Tessore:2015,
       author = {{Tessore}, Nicolas and {Metcalf}, R. Benton},
        title = "{The elliptical power law profile lens}",
      journal = {Astronomy & Astrophysics},
     keywords = {gravitational lensing: strong, methods: analytical, Astrophysics - Cosmology and Nongalactic Astrophysics},
         year = 2015,
        month = aug,
       volume = {580},
          eid = {A79},
        pages = {A79},
          doi = {10.1051/0004-6361/201526773},
archivePrefix = {arXiv},
       eprint = {1507.01819},
 primaryClass = {astro-ph.CO},
       adsurl = {https://ui.adsabs.harvard.edu/abs/2015A&A...580A..79T},
      adsnote = {Provided by the SAO/NASA Astrophysics Data System}
}




@ARTICLE{Gilman:2019,
       author = {{Gilman}, Daniel and {Birrer}, Simon and {Treu}, Tommaso and {Nierenberg}, Anna and {Benson}, Andrew},
        title = "{Probing dark matter structure down to {}10$^{7}$ solar masses: flux ratio statistics in gravitational lenses with line-of-sight haloes}",
      journal = {Monthly Notices of the Royal Astronomical Society},
     keywords = {gravitational lensing: strong, methods: statistical, galaxies: structure, dark matter, Astrophysics - Cosmology and Nongalactic Astrophysics},
         year = 2019,
        month = aug,
       volume = {487},
       number = {4},
        pages = {5721-5738},
          doi = {10.1093/mnras/stz1593},
archivePrefix = {arXiv},
       eprint = {1901.11031},
 primaryClass = {astro-ph.CO},
       adsurl = {https://ui.adsabs.harvard.edu/abs/2019MNRAS.487.5721G},
      adsnote = {Provided by the SAO/NASA Astrophysics Data System}
}

@ARTICLE{Ding:2021tdlmc,
       author = {{Ding}, Xuheng and {Treu}, Tommaso and {Birrer}, Simon and {Chen}, G.~C. -F. and {Coles}, J. and {Denzel}, P. and {Frigo}, M. and {Galan}, A. and {Marshall}, P.~J. and {Millon}, M. and {More}, A. and {Shajib}, Anowar J. and {Sluse}, D. and {Tak}, H. and {Xu}, D. and {Auger}, M.~W. and {Bonvin}, V. and {Chand}, H. and {Courbin}, F. and {Despali}, G. and {Fassnacht}, C.~D. and {Gilman}, D. and {Hilbert}, S. and {Kumar}, S.~R. and {Lin}, J.~Y. -Y. and {Park}, J.~W. and {Saha}, P. and {Vegetti}, S. and {Van de Vyvere}, L. and {Williams}, L.~L.~R.},
        title = "{Time delay lens modelling challenge}",
      journal = {Monthly Notices of the Royal Astronomical Society},
     keywords = {gravitational lensing: strong, methods: data analysis, cosmology: observations, Astrophysics - Cosmology and Nongalactic Astrophysics, Astrophysics - Astrophysics of Galaxies, Astrophysics - Instrumentation and Methods for Astrophysics},
         year = 2021,
        month = may,
       volume = {503},
       number = {1},
        pages = {1096-1123},
          doi = {10.1093/mnras/stab484},
archivePrefix = {arXiv},
       eprint = {2006.08619},
 primaryClass = {astro-ph.CO},
       adsurl = {https://ui.adsabs.harvard.edu/abs/2021MNRAS.503.1096D},
      adsnote = {Provided by the SAO/NASA Astrophysics Data System}
}



@ARTICLE{Sengul:2020,
       author = {{{\c{C}}a{\v{g}}an {\c{S}}eng{\"u}l}, At{\i}n{\c{c}} and {Tsang}, Arthur and {Diaz Rivero}, Ana and {Dvorkin}, Cora and {Zhu}, Hong-Ming and {Seljak}, Uro{\v{s}}},
        title = "{Quantifying the line-of-sight halo contribution to the dark matter convergence power spectrum from strong gravitational lenses}",
      journal = {Physical Review D},
     keywords = {Astrophysics - Cosmology and Nongalactic Astrophysics, High Energy Physics - Phenomenology},
         year = 2020,
        month = sep,
       volume = {102},
       number = {6},
          eid = {063502},
        pages = {063502},
          doi = {10.1103/PhysRevD.102.063502},
archivePrefix = {arXiv},
       eprint = {2006.07383},
 primaryClass = {astro-ph.CO},
       adsurl = {https://ui.adsabs.harvard.edu/abs/2020PhRvD.102f3502C},
      adsnote = {Provided by the SAO/NASA Astrophysics Data System}
}


@ARTICLE{Morgan:2021,
       author = {{Morgan}, Robert and {Nord}, Brian and {Birrer}, Simon and {Lin}, Joshua and {Poh}, Jason},
        title = "{deeplenstronomy: A dataset simulation package for strong gravitational lensing}",
      journal = {The Journal of Open Source Software},
     keywords = {Python, simulation, Jupyter Notebook, Batchfile, strong lensing, astronomy, Astrophysics - Instrumentation and Methods for Astrophysics, Astrophysics - Cosmology and Nongalactic Astrophysics, General Relativity and Quantum Cosmology},
         year = 2021,
        month = feb,
       volume = {6},
       number = {58},
          eid = {2854},
        pages = {2854},
          doi = {10.21105/joss.02854},
archivePrefix = {arXiv},
       eprint = {2102.02830},
 primaryClass = {astro-ph.IM},
       adsurl = {https://ui.adsabs.harvard.edu/abs/2021JOSS....6.2854M},
      adsnote = {Provided by the SAO/NASA Astrophysics Data System}
}




@ARTICLE{BirrerTreu:2019,
       author = {{Birrer}, Simon and {Treu}, Tommaso},
        title = "{Astrometric requirements for strong lensing time-delay cosmography}",
      journal = {Monthly Notices of the Royal Astronomical Society},
     keywords = {gravitational lensing: strong, astrometry, cosmological parameters, Astrophysics - Cosmology and Nongalactic Astrophysics, Astrophysics - Astrophysics of Galaxies},
         year = 2019,
        month = oct,
       volume = {489},
       number = {2},
        pages = {2097-2103},
          doi = {10.1093/mnras/stz2254},
archivePrefix = {arXiv},
       eprint = {1904.10965},
 primaryClass = {astro-ph.CO},
       adsurl = {https://ui.adsabs.harvard.edu/abs/2019MNRAS.489.2097B},
      adsnote = {Provided by the SAO/NASA Astrophysics Data System}
}

@ARTICLE{Millon:2020,
       author = {{Millon}, M. and {Galan}, A. and {Courbin}, F. and {Treu}, Tommaso and {Suyu}, S.~H. and {Ding}, Xuheng and {Birrer}, Simon and {Chen}, G.~C. -F. and {Shajib}, Anowar J. and {Sluse}, D. and {Wong}, K.~C. and {Agnello}, A. and {Auger}, M.~W. and {Buckley-Geer}, E.~J. and {Chan}, J.~H.~H. and {Collett}, T. and {Fassnacht}, C.~D. and {Hilbert}, S. and {Koopmans}, L.~V.~E. and {Motta}, V. and {Mukherjee}, S. and {Rusu}, C.~E. and {Sonnenfeld}, A. and {Spiniello}, C. and {Van de Vyvere}, L.},
        title = "{TDCOSMO. I. An exploration of systematic uncertainties in the inference of H$_{0}$ from time-delay cosmography}",
      journal = {Astronomy & Astrophysics},
     keywords = {gravitational lensing: strong, methods: data analysis, Astrophysics - Cosmology and Nongalactic Astrophysics},
         year = 2020,
        month = jul,
       volume = {639},
          eid = {A101},
        pages = {A101},
          doi = {10.1051/0004-6361/201937351},
archivePrefix = {arXiv},
       eprint = {1912.08027},
 primaryClass = {astro-ph.CO},
       adsurl = {https://ui.adsabs.harvard.edu/abs/2020A&A...639A.101M},
      adsnote = {Provided by the SAO/NASA Astrophysics Data System}
}


@ARTICLE{vdVyvere:2020,
       author = {{Van de Vyvere}, Lyne and {Sluse}, Dominique and {Mukherjee}, Sampath and {Xu}, Dandan and {Birrer}, Simon},
        title = "{The impact of mass map truncation on strong lensing simulations}",
      journal = {Astronomy & Astrophysics},
     keywords = {gravitational lensing: strong, methods: numerical, Astrophysics - Cosmology and Nongalactic Astrophysics},
         year = 2020,
        month = dec,
       volume = {644},
          eid = {A108},
        pages = {A108},
          doi = {10.1051/0004-6361/202038942},
archivePrefix = {arXiv},
       eprint = {2010.13650},
 primaryClass = {astro-ph.CO},
       adsurl = {https://ui.adsabs.harvard.edu/abs/2020A&A...644A.108V},
      adsnote = {Provided by the SAO/NASA Astrophysics Data System}
}


@ARTICLE{Jullo:2009,
       author = {{Jullo}, E. and {Kneib}, J. -P.},
        title = "{Multiscale cluster lens mass mapping - I. Strong lensing modelling}",
      journal = {\mnras},
     keywords = {gravitational lensing, methods: numerical, galaxies: clusters: individual: Abell 1689, Astrophysics - Cosmology and Extragalactic Astrophysics},
         year = 2009,
        month = may,
       volume = {395},
       number = {3},
        pages = {1319-1332},
          doi = {10.1111/j.1365-2966.2009.14654.x},
archivePrefix = {arXiv},
       eprint = {0901.3792},
 primaryClass = {astro-ph.CO},
       adsurl = {https://ui.adsabs.harvard.edu/abs/2009MNRAS.395.1319J},
      adsnote = {Provided by the SAO/NASA Astrophysics Data System}
}



@ARTICLE{Birrer:2021arcs,
       author = {{Birrer}, Simon},
        title = "{Gravitational lensing formalism in a curved arc basis: A continuous description of observables and degeneracies from the weak to the strong lensing regime}",
      journal = {arXiv e-prints},
     keywords = {Astrophysics - Cosmology and Nongalactic Astrophysics, Astrophysics - Astrophysics of Galaxies},
         year = 2021,
        month = apr,
          eid = {arXiv:2104.09522},
        pages = {arXiv:2104.09522},
archivePrefix = {arXiv},
       eprint = {2104.09522},
 primaryClass = {astro-ph.CO},
       adsurl = {https://ui.adsabs.harvard.edu/abs/2021arXiv210409522B},
      adsnote = {Provided by the SAO/NASA Astrophysics Data System}
}




@ARTICLE{Kuhn:2021,
       author = {{Kuhn}, Felix Arjun and {Birrer}, Simon and {Bruderer}, Claudio and {Amara}, Adam and {Refregier}, Alexandre},
        title = "{Combining strong and weak lensing estimates in the Cosmos field}",
      journal = {Journal of Cosmology and Astroparticle Physics},
     keywords = {gravitational lensing, cosmological simulations, cosmic web, Astrophysics - Cosmology and Nongalactic Astrophysics},
         year = 2021,
        month = apr,
       volume = {2021},
       number = {4},
          eid = {010},
        pages = {010},
          doi = {10.1088/1475-7516/2021/04/010},
archivePrefix = {arXiv},
       eprint = {2010.08680},
 primaryClass = {astro-ph.CO},
       adsurl = {https://ui.adsabs.harvard.edu/abs/2021JCAP...04..010K},
      adsnote = {Provided by the SAO/NASA Astrophysics Data System}
}

@ARTICLE{Shajib:2019,
       author = {{Shajib}, Anowar J. and {Birrer}, Simon and {Treu}, Tommaso and {Auger}, M.~W. and {Agnello}, A. and {Anguita}, T. and {Buckley-Geer}, E.~J. and {Chan}, J.~H.~H. and {Collett}, T.~E. and {Courbin}, F. and {Fassnacht}, C.~D. and {Frieman}, J. and {Kayo}, I. and {Lemon}, C. and {Lin}, H. and {Marshall}, P.~J. and {McMahon}, R. and {More}, A. and {Morgan}, N.~D. and {Motta}, V. and {Oguri}, M. and {Ostrovski}, F. and {Rusu}, C.~E. and {Schechter}, P.~L. and {Shanks}, T. and {Suyu}, S.~H. and {Meylan}, G. and {Abbott}, T.~M.~C. and {Allam}, S. and {Annis}, J. and {Avila}, S. and {Bertin}, E. and {Brooks}, D. and {Carnero Rosell}, A. and {Carrasco Kind}, M. and {Carretero}, J. and {Cunha}, C.~E. and {da Costa}, L.~N. and {De Vicente}, J. and {Desai}, S. and {Doel}, P. and {Flaugher}, B. and {Fosalba}, P. and {Garc{\'\i}a-Bellido}, J. and {Gerdes}, D.~W. and {Gruen}, D. and {Gruendl}, R.~A. and {Gutierrez}, G. and {Hartley}, W.~G. and {Hollowood}, D.~L. and {Hoyle}, B. and {James}, D.~J. and {Kuehn}, K. and {Kuropatkin}, N. and {Lahav}, O. and {Lima}, M. and {Maia}, M.~A.~G. and {March}, M. and {Marshall}, J.~L. and {Melchior}, P. and {Menanteau}, F. and {Miquel}, R. and {Plazas}, A.~A. and {Sanchez}, E. and {Scarpine}, V. and {Sevilla-Noarbe}, I. and {Smith}, M. and {Soares-Santos}, M. and {Sobreira}, F. and {Suchyta}, E. and {Swanson}, M.~E.~C. and {Tarle}, G. and {Walker}, A.~R.},
        title = "{Is every strong lens model unhappy in its own way? Uniform modelling of a sample of 13 quadruply+ imaged quasars}",
      journal = {Monthly Notices of the Royal Astronomical Society},
     keywords = {gravitational lensing: strong, methods: data analysis, galaxies: elliptical and lenticular, cD, galaxies: structure, Astrophysics - Astrophysics of Galaxies},
         year = 2019,
        month = mar,
       volume = {483},
       number = {4},
        pages = {5649-5671},
          doi = {10.1093/mnras/sty3397},
archivePrefix = {arXiv},
       eprint = {1807.09278},
 primaryClass = {astro-ph.GA},
       adsurl = {https://ui.adsabs.harvard.edu/abs/2019MNRAS.483.5649S},
      adsnote = {Provided by the SAO/NASA Astrophysics Data System}
}




@ARTICLE{Birrer:2017cosmos,
       author = {{Birrer}, Simon and {Welschen}, Cyril and {Amara}, Adam and {Refregier}, Alexandre},
        title = "{Line-of-sight effects in strong lensing: putting theory into practice}",
      journal = {Journal of Cosmology and Astroparticle Physics},
     keywords = {Astrophysics - Cosmology and Nongalactic Astrophysics},
         year = 2017,
        month = apr,
       volume = {2017},
       number = {4},
          eid = {049},
        pages = {049},
          doi = {10.1088/1475-7516/2017/04/049},
archivePrefix = {arXiv},
       eprint = {1610.01599},
 primaryClass = {astro-ph.CO},
       adsurl = {https://ui.adsabs.harvard.edu/abs/2017JCAP...04..049B},
      adsnote = {Provided by the SAO/NASA Astrophysics Data System}
}




@ARTICLE{Shajib:2021AO,
       author = {{Shajib}, Anowar J. and {Molina}, Eden and {Agnello}, Adriano and {Williams}, Peter R. and {Birrer}, Simon and {Treu}, Tommaso and {Fassnacht}, Christopher D. and {Morishita}, Takahiro and {Abramson}, Louis and {Schechter}, Paul L. and {Wisotzki}, Lutz},
        title = "{High-resolution imaging follow-up of doubly imaged quasars}",
      journal = {Monthly Notices of the Royal Astronomical Society},
     keywords = {gravitational lensing: strong, catalogues, galaxies: elliptical and lenticular, cD, Astrophysics - Astrophysics of Galaxies},
         year = 2021,
        month = may,
       volume = {503},
       number = {2},
        pages = {1557-1567},
          doi = {10.1093/mnras/stab532},
archivePrefix = {arXiv},
       eprint = {2011.01971},
 primaryClass = {astro-ph.GA},
       adsurl = {https://ui.adsabs.harvard.edu/abs/2021MNRAS.503.1557S},
      adsnote = {Provided by the SAO/NASA Astrophysics Data System}
}




@ARTICLE{Yang:2020,
       author = {{Yang}, Lilan and {Birrer}, Simon and {Treu}, Tommaso},
        title = "{A versatile tool for cluster lensing source reconstruction - I. Methodology and illustration on sources in the Hubble Frontier Field Cluster MACS J0717.5+3745}",
      journal = {Monthly Notices of the Royal Astronomical Society},
     keywords = {gravitational lensing: strong, galaxies: clusters: individual: MACS J0717.5+3745, Astrophysics - Astrophysics of Galaxies, Astrophysics - Instrumentation and Methods for Astrophysics},
         year = 2020,
        month = aug,
       volume = {496},
       number = {3},
        pages = {2648-2662},
          doi = {10.1093/mnras/staa1649},
archivePrefix = {arXiv},
       eprint = {2001.07719},
 primaryClass = {astro-ph.GA},
       adsurl = {https://ui.adsabs.harvard.edu/abs/2020MNRAS.496.2648Y},
      adsnote = {Provided by the SAO/NASA Astrophysics Data System}
}

@ARTICLE{Yang:2021,
       author = {{Yang}, Lilan and {Roberts-Borsani}, Guido and {Treu}, Tommaso and {Birrer}, Simon and {Morishita}, Takahiro and {Brada{\v{c}}}, Maru{\v{s}}a},
        title = "{The evolution of the size-mass relation at z = 1-3 derived from the complete Hubble Frontier Fields data set}",
      journal = {Monthly Notices of the Royal Astronomical Society},
     keywords = {gravitational lensing: strong, galaxies: evolution, galaxies: fundamental parameters, Astrophysics - Astrophysics of Galaxies, Astrophysics - Cosmology and Nongalactic Astrophysics},
         year = 2021,
        month = feb,
       volume = {501},
       number = {1},
        pages = {1028-1037},
          doi = {10.1093/mnras/staa3713},
archivePrefix = {arXiv},
       eprint = {2011.10059},
 primaryClass = {astro-ph.GA},
       adsurl = {https://ui.adsabs.harvard.edu/abs/2021MNRAS.501.1028Y},
      adsnote = {Provided by the SAO/NASA Astrophysics Data System}
}

@ARTICLE{Shajib:2019unified,
       author = {{Shajib}, Anowar J.},
        title = "{Unified lensing and kinematic analysis for any elliptical mass profile}",
      journal = {Monthly Notices of the Royal Astronomical Society},
     keywords = {gravitational lensing: strong, methods: analytical, methods: data analysis, methods: numerical, galaxies: kinematics and dynamics, Astrophysics - Cosmology and Nongalactic Astrophysics, Astrophysics - Instrumentation and Methods for Astrophysics},
         year = 2019,
        month = sep,
       volume = {488},
       number = {1},
        pages = {1387-1400},
          doi = {10.1093/mnras/stz1796},
archivePrefix = {arXiv},
       eprint = {1906.08263},
 primaryClass = {astro-ph.CO},
       adsurl = {https://ui.adsabs.harvard.edu/abs/2019MNRAS.488.1387S},
      adsnote = {Provided by the SAO/NASA Astrophysics Data System}
}



@MISC{PixeLens,
       author = {{Saha}, Prasenjit and {Williams}, Liliya L.~R.},
        title = "{PixeLens: A Portable Modeler of Lensed Quasars}",
     keywords = {Software},
         year = 2011,
        month = feb,
          eid = {ascl:1102.007},
        pages = {ascl:1102.007},
archivePrefix = {ascl},
       eprint = {1102.007},
       adsurl = {https://ui.adsabs.harvard.edu/abs/2011ascl.soft02007S},
      adsnote = {Provided by the SAO/NASA Astrophysics Data System}
}




@ARTICLE{Bennert:2021,
       author = {{Bennert}, Vardha N. and {Treu}, Tommaso and {Ding}, Xuheng and {Stomberg}, Isak and {Birrer}, Simon and {Snyder}, Tomas and {Malkan}, Matthew A. and {Stephens}, Andrew W. and {Auger}, Matthew W.},
        title = "{A local baseline of the black hole mass scaling relations for active galaxies. IV. Correlations between $M_{\rm BH}$ and host galaxy $\sigma$, stellar mass, and luminosity}",
      journal = {arXiv e-prints},
     keywords = {Astrophysics - Astrophysics of Galaxies, Astrophysics - Cosmology and Nongalactic Astrophysics},
         year = 2021,
        month = jan,
          eid = {arXiv:2101.10355},
        pages = {arXiv:2101.10355},
archivePrefix = {arXiv},
       eprint = {2101.10355},
 primaryClass = {astro-ph.GA},
       adsurl = {https://ui.adsabs.harvard.edu/abs/2021arXiv210110355B},
      adsnote = {Provided by the SAO/NASA Astrophysics Data System}
}




@ARTICLE{Birrer:2016,
       author = {{Birrer}, Simon and {Amara}, Adam and {Refregier}, Alexandre},
        title = "{The mass-sheet degeneracy and time-delay cosmography: analysis of the strong lens RXJ1131-1231}",
      journal = {Journal of Cosmology and Astroparticle Physics},
     keywords = {Astrophysics - Cosmology and Nongalactic Astrophysics},
         year = 2016,
        month = aug,
       volume = {2016},
       number = {8},
          eid = {020},
        pages = {020},
          doi = {10.1088/1475-7516/2016/08/020},
archivePrefix = {arXiv},
       eprint = {1511.03662},
 primaryClass = {astro-ph.CO},
       adsurl = {https://ui.adsabs.harvard.edu/abs/2016JCAP...08..020B},
      adsnote = {Provided by the SAO/NASA Astrophysics Data System}
}


@ARTICLE{Birrer:2019,
       author = {{Birrer}, Simon and {Treu}, Tommaso and {Rusu}, C.~E. and {Bonvin}, V. and {Fassnacht}, C.~D. and {Chan}, J.~H.~H. and {Agnello}, A. and {Shajib}, Anowar J. and {Chen}, G.~C. -F. and {Auger}, M. and {Courbin}, F. and {Hilbert}, S. and {Sluse}, D. and {Suyu}, S.~H. and {Wong}, K.~C. and {Marshall}, P. and {Lemaux}, B.~C. and {Meylan}, G.},
        title = "{H0LiCOW - IX. Cosmographic analysis of the doubly imaged quasar SDSS 1206+4332 and a new measurement of the Hubble constant}",
      journal = {Monthly Notices of the Royal Astronomical Society},
     keywords = {ravitational lensing: strong, cosmological parameters, dark energy, Astrophysics - Cosmology and Nongalactic Astrophysics},
         year = 2019,
        month = apr,
       volume = {484},
       number = {4},
        pages = {4726-4753},
          doi = {10.1093/mnras/stz200},
archivePrefix = {arXiv},
       eprint = {1809.01274},
 primaryClass = {astro-ph.CO},
       adsurl = {https://ui.adsabs.harvard.edu/abs/2019MNRAS.484.4726B},
      adsnote = {Provided by the SAO/NASA Astrophysics Data System}
}


@ARTICLE{Ding:2020,
       author = {{Ding}, Xuheng and {Silverman}, John and {Treu}, Tommaso and {Schulze}, Andreas and {Schramm}, Malte and {Birrer}, Simon and {Park}, Daeseong and {Jahnke}, Knud and {Bennert}, Vardha N. and {Kartaltepe}, Jeyhan S. and {Koekemoer}, Anton M. and {Malkan}, Matthew A. and {Sanders}, David},
        title = "{The Mass Relations between Supermassive Black Holes and Their Host Galaxies at 1 < z < 2 HST-WFC3}",
      journal = {The Astrophysical Journal},
     keywords = {Galaxy evolution, Active galaxies, 594, 17, Astrophysics - Astrophysics of Galaxies},
         year = 2020,
        month = jan,
       volume = {888},
       number = {1},
          eid = {37},
        pages = {37},
          doi = {10.3847/1538-4357/ab5b90},
archivePrefix = {arXiv},
       eprint = {1910.11875},
 primaryClass = {astro-ph.GA},
       adsurl = {https://ui.adsabs.harvard.edu/abs/2020ApJ...888...37D},
      adsnote = {Provided by the SAO/NASA Astrophysics Data System}
}





@ARTICLE{Shajib:2021slacs,
       author = {{Shajib}, Anowar J. and {Treu}, Tommaso and {Birrer}, Simon and {Sonnenfeld}, Alessandro},
        title = "{Dark matter haloes of massive elliptical galaxies at z {\ensuremath{\sim}} 0.2 are well described by the Navarro-Frenk-White profile}",
      journal = {Monthly Notices of the Royal Astronomical Society},
     keywords = {gravitational lensing: strong, galaxies: elliptical and lenticular, cD},
         year = 2021,
        month = may,
       volume = {503},
       number = {2},
        pages = {2380-2405},
          doi = {10.1093/mnras/stab536},
       adsurl = {https://ui.adsabs.harvard.edu/abs/2021MNRAS.503.2380S},
      adsnote = {Provided by the SAO/NASA Astrophysics Data System}
}




@ARTICLE{Sonnenfeld:2015,
       author = {{Sonnenfeld}, Alessandro and {Treu}, Tommaso and {Marshall}, Philip J. and {Suyu}, Sherry H. and {Gavazzi}, Rapha{\"e}l and {Auger}, Matthew W. and {Nipoti}, Carlo},
        title = "{The SL2S Galaxy-scale Lens Sample. V. Dark Matter Halos and Stellar IMF of Massive Early-type Galaxies Out to Redshift 0.8}",
      journal = {The Astrophysical Journal},
     keywords = {galaxies: elliptical and lenticular, cD, galaxies: evolution, gravitational lensing: strong, Astrophysics - Astrophysics of Galaxies},
         year = 2015,
        month = feb,
       volume = {800},
       number = {2},
          eid = {94},
        pages = {94},
          doi = {10.1088/0004-637X/800/2/94},
archivePrefix = {arXiv},
       eprint = {1410.1881},
 primaryClass = {astro-ph.GA},
       adsurl = {https://ui.adsabs.harvard.edu/abs/2015ApJ...800...94S},
      adsnote = {Provided by the SAO/NASA Astrophysics Data System}
}



@ARTICLE{Moertsell:2020,
       author = {{M{\"o}rtsell}, E. and {Johansson}, J. and {Dhawan}, S. and {Goobar}, A. and {Amanullah}, R. and {Goldstein}, D.~A.},
        title = "{Lens modelling of the strongly lensed Type Ia supernova iPTF16geu}",
      journal = {Monthly Notices of the Royal Astronomical Society},
     keywords = {gravitational lensing: strong, distance scale, supernovae: individual, gravitational lensing: micro, Astrophysics - Cosmology and Nongalactic Astrophysics},
         year = 2020,
        month = aug,
       volume = {496},
       number = {3},
        pages = {3270-3280},
          doi = {10.1093/mnras/staa1600},
archivePrefix = {arXiv},
       eprint = {1907.06609},
 primaryClass = {astro-ph.CO},
       adsurl = {https://ui.adsabs.harvard.edu/abs/2020MNRAS.496.3270M},
      adsnote = {Provided by the SAO/NASA Astrophysics Data System}
}





@ARTICLE{Gilman:2020,
       author = {{Gilman}, Daniel and {Birrer}, Simon and {Nierenberg}, Anna and {Treu}, Tommaso and {Du}, Xiaolong and {Benson}, Andrew},
        title = "{Warm dark matter chills out: constraints on the halo mass function and the free-streaming length of dark matter with eight quadruple-image strong gravitational lenses}",
      journal = {Monthly Notices of the Royal Astronomical Society},
     keywords = {gravitational lensing: strong, methods: statistical, galaxies: structure, dark matter, Astrophysics - Cosmology and Nongalactic Astrophysics, Astrophysics - Astrophysics of Galaxies},
         year = 2020,
        month = feb,
       volume = {491},
       number = {4},
        pages = {6077-6101},
          doi = {10.1093/mnras/stz3480},
archivePrefix = {arXiv},
       eprint = {1908.06983},
 primaryClass = {astro-ph.CO},
       adsurl = {https://ui.adsabs.harvard.edu/abs/2020MNRAS.491.6077G},
      adsnote = {Provided by the SAO/NASA Astrophysics Data System}
}

@ARTICLE{Hsueh:2020,
       author = {{Hsueh}, J. -W. and {Enzi}, W. and {Vegetti}, S. and {Auger}, M.~W. and {Fassnacht}, C.~D. and {Despali}, G. and {Koopmans}, L.~V.~E. and {McKean}, J.~P.},
        title = "{SHARP - VII. New constraints on the dark matter free-streaming properties and substructure abundance from gravitationally lensed quasars}",
      journal = {Monthly Notices of the Royal Astronomical Society},
     keywords = {lensing: strong, cosmology: dark matter, galaxies: structure, Astrophysics - Cosmology and Nongalactic Astrophysics, Astrophysics - Astrophysics of Galaxies},
         year = 2020,
        month = mar,
       volume = {492},
       number = {2},
        pages = {3047-3059},
          doi = {10.1093/mnras/stz3177},
archivePrefix = {arXiv},
       eprint = {1905.04182},
 primaryClass = {astro-ph.CO},
       adsurl = {https://ui.adsabs.harvard.edu/abs/2020MNRAS.492.3047H},
      adsnote = {Provided by the SAO/NASA Astrophysics Data System}
}





@ARTICLE{Vegetti:2012,
       author = {{Vegetti}, S. and {Lagattuta}, D.~J. and {McKean}, J.~P. and {Auger}, M.~W. and {Fassnacht}, C.~D. and {Koopmans}, L.~V.~E.},
        title = "{Gravitational detection of a low-mass dark satellite galaxy at cosmological distance}",
      journal = {Nature},
     keywords = {Astrophysics - Cosmology and Nongalactic Astrophysics},
         year = 2012,
        month = jan,
       volume = {481},
       number = {7381},
        pages = {341-343},
          doi = {10.1038/nature10669},
archivePrefix = {arXiv},
       eprint = {1201.3643},
 primaryClass = {astro-ph.CO},
       adsurl = {https://ui.adsabs.harvard.edu/abs/2012Natur.481..341V},
      adsnote = {Provided by the SAO/NASA Astrophysics Data System}
}


@ARTICLE{Hezaveh:2016,
       author = {{Hezaveh}, Yashar D. and {Dalal}, Neal and {Marrone}, Daniel P. and {Mao}, Yao-Yuan and {Morningstar}, Warren and {Wen}, Di and {Blandford}, Roger D. and {Carlstrom}, John E. and {Fassnacht}, Christopher D. and {Holder}, Gilbert P. and {Kemball}, Athol and {Marshall}, Philip J. and {Murray}, Norman and {Perreault Levasseur}, Laurence and {Vieira}, Joaquin D. and {Wechsler}, Risa H.},
        title = "{Detection of Lensing Substructure Using ALMA Observations of the Dusty Galaxy SDP.81}",
      journal = {The Astrophysical Journal},
     keywords = {dark matter, gravitational lensing: strong, Astrophysics - Cosmology and Nongalactic Astrophysics},
         year = 2016,
        month = may,
       volume = {823},
       number = {1},
          eid = {37},
        pages = {37},
          doi = {10.3847/0004-637X/823/1/37},
archivePrefix = {arXiv},
       eprint = {1601.01388},
 primaryClass = {astro-ph.CO},
       adsurl = {https://ui.adsabs.harvard.edu/abs/2016ApJ...823...37H},
      adsnote = {Provided by the SAO/NASA Astrophysics Data System}
}


@ARTICLE{Birrer:2017,
       author = {{Birrer}, Simon and {Amara}, Adam and {Refregier}, Alexandre},
        title = "{Lensing substructure quantification in RXJ1131-1231: a 2 keV lower bound on dark matter thermal relic mass}",
      journal = {Journal of Cosmology and Astroparticle Physics},
     keywords = {Astrophysics - Cosmology and Nongalactic Astrophysics, High Energy Physics - Experiment},
         year = 2017,
        month = may,
       volume = {2017},
       number = {5},
          eid = {037},
        pages = {037},
          doi = {10.1088/1475-7516/2017/05/037},
archivePrefix = {arXiv},
       eprint = {1702.00009},
 primaryClass = {astro-ph.CO},
       adsurl = {https://ui.adsabs.harvard.edu/abs/2017JCAP...05..037B},
      adsnote = {Provided by the SAO/NASA Astrophysics Data System}
}



@ARTICLE{OM10,
       author = {{Oguri}, Masamune and {Marshall}, Philip J.},
        title = "{Gravitationally lensed quasars and supernovae in future wide-field optical imaging surveys}",
      journal = {Monthly Notices of the Royal Astronomical Society},
     keywords = {gravitational lensing: strong, cosmological parameters, cosmology: theory, Astrophysics - Cosmology and Nongalactic Astrophysics},
         year = 2010,
        month = jul,
       volume = {405},
       number = {4},
        pages = {2579-2593},
          doi = {10.1111/j.1365-2966.2010.16639.x},
archivePrefix = {arXiv},
       eprint = {1001.2037},
 primaryClass = {astro-ph.CO},
       adsurl = {https://ui.adsabs.harvard.edu/abs/2010MNRAS.405.2579O},
      adsnote = {Provided by the SAO/NASA Astrophysics Data System}
}




@ARTICLE{Collett:2015,
       author = {{Collett}, Thomas E.},
        title = "{The Population of Galaxy-Galaxy Strong Lenses in Forthcoming Optical Imaging Surveys}",
      journal = {The Astrophysical Journal},
     keywords = {gravitational lensing: strong, Astrophysics - Cosmology and Nongalactic Astrophysics},
         year = 2015,
        month = sep,
       volume = {811},
       number = {1},
          eid = {20},
        pages = {20},
          doi = {10.1088/0004-637X/811/1/20},
archivePrefix = {arXiv},
       eprint = {1507.02657},
 primaryClass = {astro-ph.CO},
       adsurl = {https://ui.adsabs.harvard.edu/abs/2015ApJ...811...20C},
      adsnote = {Provided by the SAO/NASA Astrophysics Data System}
}






@ARTICLE{Birrer:2020tdcosmoiv,
       author = {{Birrer}, Simon and {Shajib}, Anowar J. and {Galan}, A. and {Millon}, M. and {Treu}, Tommaso and {Agnello}, A. and {Auger}, M. and {Chen}, G.~C. -F. and {Christensen}, L. and {Collett}, T. and {Courbin}, F. and {Fassnacht}, C.~D. and {Koopmans}, L.~V.~E. and {Marshall}, P.~J. and {Park}, J. -W. and {Rusu}, C.~E. and {Sluse}, D. and {Spiniello}, C. and {Suyu}, S.~H. and {Wagner-Carena}, S. and {Wong}, K.~C. and {Barnab{\`e}}, M. and {Bolton}, A.~S. and {Czoske}, O. and {Ding}, Xuheng and {Frieman}, J.~A. and {Van de Vyvere}, L.},
        title = "{TDCOSMO. IV. Hierarchical time-delay cosmography {\textendash} joint inference of the Hubble constant and galaxy density profiles}",
      journal = {Astronomy & Astrophysics},
     keywords = {gravitational lensing: strong, galaxies: general, galaxies: kinematics and dynamics, distance scale, cosmological parameters, cosmology: observations, Astrophysics - Cosmology and Nongalactic Astrophysics, Astrophysics - Astrophysics of Galaxies},
         year = 2020,
        month = nov,
       volume = {643},
          eid = {A165},
        pages = {A165},
          doi = {10.1051/0004-6361/202038861},
archivePrefix = {arXiv},
       eprint = {2007.02941},
 primaryClass = {astro-ph.CO},
       adsurl = {https://ui.adsabs.harvard.edu/abs/2020A&A...643A.165B},
      adsnote = {Provided by the SAO/NASA Astrophysics Data System}
}




@ARTICLE{Shajib:2020strides,
       author = {{Shajib}, Anowar J. and {Birrer}, Simon and {Treu}, Tommaso and {Agnello}, A. and {Buckley-Geer}, E.~J. and {Chan}, J.~H.~H. and {Christensen}, L. and {Lemon}, C. and {Lin}, H. and {Millon}, M. and {Poh}, J. and {Rusu}, C.~E. and {Sluse}, D. and {Spiniello}, C. and {Chen}, G.~C. -F. and {Collett}, T. and {Courbin}, F. and {Fassnacht}, C.~D. and {Frieman}, J. and {Galan}, A. and {Gilman}, D. and {More}, A. and {Anguita}, T. and {Auger}, M.~W. and {Bonvin}, V. and {McMahon}, R. and {Meylan}, G. and {Wong}, K.~C. and {Abbott}, T.~M.~C. and {Annis}, J. and {Avila}, S. and {Bechtol}, K. and {Brooks}, D. and {Brout}, D. and {Burke}, D.~L. and {Carnero Rosell}, A. and {Carrasco Kind}, M. and {Carretero}, J. and {Castander}, F.~J. and {Costanzi}, M. and {da Costa}, L.~N. and {De Vicente}, J. and {Desai}, S. and {Dietrich}, J.~P. and {Doel}, P. and {Drlica-Wagner}, A. and {Evrard}, A.~E. and {Finley}, D.~A. and {Flaugher}, B. and {Fosalba}, P. and {Garc{\'\i}a-Bellido}, J. and {Gerdes}, D.~W. and {Gruen}, D. and {Gruendl}, R.~A. and {Gschwend}, J. and {Gutierrez}, G. and {Hollowood}, D.~L. and {Honscheid}, K. and {Huterer}, D. and {James}, D.~J. and {Jeltema}, T. and {Krause}, E. and {Kuropatkin}, N. and {Li}, T.~S. and {Lima}, M. and {MacCrann}, N. and {Maia}, M.~A.~G. and {Marshall}, J.~L. and {Melchior}, P. and {Miquel}, R. and {Ogando}, R.~L.~C. and {Palmese}, A. and {Paz-Chinch{\'o}n}, F. and {Plazas}, A.~A. and {Romer}, A.~K. and {Roodman}, A. and {Sako}, M. and {Sanchez}, E. and {Santiago}, B. and {Scarpine}, V. and {Schubnell}, M. and {Scolnic}, D. and {Serrano}, S. and {Sevilla-Noarbe}, I. and {Smith}, M. and {Soares-Santos}, M. and {Suchyta}, E. and {Tarle}, G. and {Thomas}, D. and {Walker}, A.~R. and {Zhang}, Y.},
        title = "{STRIDES: a 3.9 per cent measurement of the Hubble constant from the strong lens system DES J0408-5354}",
      journal = {Monthly Notices of the Royal Astronomical Society},
     keywords = {gravitational lensing: strong, cosmological parameters, distance scale, cosmology: observations, Astrophysics - Cosmology and Nongalactic Astrophysics},
         year = 2020,
        month = jun,
       volume = {494},
       number = {4},
        pages = {6072-6102},
          doi = {10.1093/mnras/staa828},
archivePrefix = {arXiv},
       eprint = {1910.06306},
 primaryClass = {astro-ph.CO},
       adsurl = {https://ui.adsabs.harvard.edu/abs/2020MNRAS.494.6072S},
      adsnote = {Provided by the SAO/NASA Astrophysics Data System}
}





@ARTICLE{Wong:2020,
       author = {{Wong}, Kenneth C. and {Suyu}, Sherry H. and {Chen}, Geoff C. -F. and {Rusu}, Cristian E. and {Millon}, Martin and {Sluse}, Dominique and {Bonvin}, Vivien and {Fassnacht}, Christopher D. and {Taubenberger}, Stefan and {Auger}, Matthew W. and {Birrer}, Simon and {Chan}, James H.~H. and {Courbin}, Frederic and {Hilbert}, Stefan and {Tihhonova}, Olga and {Treu}, Tommaso and {Agnello}, Adriano and {Ding}, Xuheng and {Jee}, Inh and {Komatsu}, Eiichiro and {Shajib}, Anowar J. and {Sonnenfeld}, Alessandro and {Blandford}, Roger D. and {Koopmans}, L{\'e}on V.~E. and {Marshall}, Philip J. and {Meylan}, Georges},
        title = "{H0LiCOW {\textendash} XIII. A 2.4 per cent measurement of H$_{0}$ from lensed quasars: 5.3{\ensuremath{\sigma}} tension between early- and late-Universe probes}",
      journal = {Monthly Notices of the Royal Astronomical Society},
     keywords = {gravitational lensing: strong, cosmological parameters, distance scale, cosmology: observations, Astrophysics - Cosmology and Nongalactic Astrophysics, Astrophysics - Astrophysics of Galaxies},
         year = 2020,
        month = oct,
       volume = {498},
       number = {1},
        pages = {1420-1439},
          doi = {10.1093/mnras/stz3094},
archivePrefix = {arXiv},
       eprint = {1907.04869},
 primaryClass = {astro-ph.CO},
       adsurl = {https://ui.adsabs.harvard.edu/abs/2020MNRAS.498.1420W},
      adsnote = {Provided by the SAO/NASA Astrophysics Data System}
}





@ARTICLE{LSST,
       author = {{Ivezi{\'c}}, {\v{Z}}eljko and {Kahn}, Steven M. and {Tyson}, J. Anthony and {Abel}, Bob and {Acosta}, Emily and {Allsman}, Robyn and {Alonso}, David and {AlSayyad}, Yusra and {Anderson}, Scott F. and {Andrew}, John and {Angel}, James Roger P. and {Angeli}, George Z. and {Ansari}, Reza and {Antilogus}, Pierre and {Araujo}, Constanza and {Armstrong}, Robert and {Arndt}, Kirk T. and {Astier}, Pierre and {Aubourg}, {\'E}ric and {Auza}, Nicole and {Axelrod}, Tim S. and {Bard}, Deborah J. and {Barr}, Jeff D. and {Barrau}, Aurelian and {Bartlett}, James G. and {Bauer}, Amanda E. and {Bauman}, Brian J. and {Baumont}, Sylvain and {Bechtol}, Ellen and {Bechtol}, Keith and {Becker}, Andrew C. and {Becla}, Jacek and {Beldica}, Cristina and {Bellavia}, Steve and {Bianco}, Federica B. and {Biswas}, Rahul and {Blanc}, Guillaume and {Blazek}, Jonathan and {Blandford}, Roger D. and {Bloom}, Josh S. and {Bogart}, Joanne and {Bond}, Tim W. and {Booth}, Michael T. and {Borgland}, Anders W. and {Borne}, Kirk and {Bosch}, James F. and {Boutigny}, Dominique and {Brackett}, Craig A. and {Bradshaw}, Andrew and {Brandt}, William Nielsen and {Brown}, Michael E. and {Bullock}, James S. and {Burchat}, Patricia and {Burke}, David L. and {Cagnoli}, Gianpietro and {Calabrese}, Daniel and {Callahan}, Shawn and {Callen}, Alice L. and {Carlin}, Jeffrey L. and {Carlson}, Erin L. and {Chandrasekharan}, Srinivasan and {Charles-Emerson}, Glenaver and {Chesley}, Steve and {Cheu}, Elliott C. and {Chiang}, Hsin-Fang and {Chiang}, James and {Chirino}, Carol and {Chow}, Derek and {Ciardi}, David R. and {Claver}, Charles F. and {Cohen-Tanugi}, Johann and {Cockrum}, Joseph J. and {Coles}, Rebecca and {Connolly}, Andrew J. and {Cook}, Kem H. and {Cooray}, Asantha and {Covey}, Kevin R. and {Cribbs}, Chris and {Cui}, Wei and {Cutri}, Roc and {Daly}, Philip N. and {Daniel}, Scott F. and {Daruich}, Felipe and {Daubard}, Guillaume and {Daues}, Greg and {Dawson}, William and {Delgado}, Francisco and {Dellapenna}, Alfred and {de Peyster}, Robert and {de Val-Borro}, Miguel and {Digel}, Seth W. and {Doherty}, Peter and {Dubois}, Richard and {Dubois-Felsmann}, Gregory P. and {Durech}, Josef and {Economou}, Frossie and {Eifler}, Tim and {Eracleous}, Michael and {Emmons}, Benjamin L. and {Fausti Neto}, Angelo and {Ferguson}, Henry and {Figueroa}, Enrique and {Fisher-Levine}, Merlin and {Focke}, Warren and {Foss}, Michael D. and {Frank}, James and {Freemon}, Michael D. and {Gangler}, Emmanuel and {Gawiser}, Eric and {Geary}, John C. and {Gee}, Perry and {Geha}, Marla and {Gessner}, Charles J.~B. and {Gibson}, Robert R. and {Gilmore}, D. Kirk and {Glanzman}, Thomas and {Glick}, William and {Goldina}, Tatiana and {Goldstein}, Daniel A. and {Goodenow}, Iain and {Graham}, Melissa L. and {Gressler}, William J. and {Gris}, Philippe and {Guy}, Leanne P. and {Guyonnet}, Augustin and {Haller}, Gunther and {Harris}, Ron and {Hascall}, Patrick A. and {Haupt}, Justine and {Hernandez}, Fabio and {Herrmann}, Sven and {Hileman}, Edward and {Hoblitt}, Joshua and {Hodgson}, John A. and {Hogan}, Craig and {Howard}, James D. and {Huang}, Dajun and {Huffer}, Michael E. and {Ingraham}, Patrick and {Innes}, Walter R. and {Jacoby}, Suzanne H. and {Jain}, Bhuvnesh and {Jammes}, Fabrice and {Jee}, M. James and {Jenness}, Tim and {Jernigan}, Garrett and {Jevremovi{\'c}}, Darko and {Johns}, Kenneth and {Johnson}, Anthony S. and {Johnson}, Margaret W.~G. and {Jones}, R. Lynne and {Juramy-Gilles}, Claire and {Juri{\'c}}, Mario and {Kalirai}, Jason S. and {Kallivayalil}, Nitya J. and {Kalmbach}, Bryce and {Kantor}, Jeffrey P. and {Karst}, Pierre and {Kasliwal}, Mansi M. and {Kelly}, Heather and {Kessler}, Richard and {Kinnison}, Veronica and {Kirkby}, David and {Knox}, Lloyd and {Kotov}, Ivan V. and {Krabbendam}, Victor L. and {Krughoff}, K. Simon and {Kub{\'a}nek}, Petr and {Kuczewski}, John and {Kulkarni}, Shri and {Ku}, John and {Kurita}, Nadine R. and {Lage}, Craig S. and {Lambert}, Ron and {Lange}, Travis and {Langton}, J. Brian and {Le Guillou}, Laurent and {Levine}, Deborah and {Liang}, Ming and {Lim}, Kian-Tat and {Lintott}, Chris J. and {Long}, Kevin E. and {Lopez}, Margaux and {Lotz}, Paul J. and {Lupton}, Robert H. and {Lust}, Nate B. and {MacArthur}, Lauren A. and {Mahabal}, Ashish and {Mandelbaum}, Rachel and {Markiewicz}, Thomas W. and {Marsh}, Darren S. and {Marshall}, Philip J. and {Marshall}, Stuart and {May}, Morgan and {McKercher}, Robert and {McQueen}, Michelle and {Meyers}, Joshua and {Migliore}, Myriam and {Miller}, Michelle and {Mills}, David J. and {Miraval}, Connor and {Moeyens}, Joachim and {Moolekamp}, Fred E. and {Monet}, David G. and {Moniez}, Marc and {Monkewitz}, Serge and {Montgomery}, Christopher and {Morrison}, Christopher B. and {Mueller}, Fritz and {Muller}, Gary P. and {Mu{\~n}oz Arancibia}, Freddy and {Neill}, Douglas R. and {Newbry}, Scott P. and {Nief}, Jean-Yves and {Nomerotski}, Andrei and {Nordby}, Martin and {O'Connor}, Paul and {Oliver}, John and {Olivier}, Scot S. and {Olsen}, Knut and {O'Mullane}, William and {Ortiz}, Sandra and {Osier}, Shawn and {Owen}, Russell E. and {Pain}, Reynald and {Palecek}, Paul E. and {Parejko}, John K. and {Parsons}, James B. and {Pease}, Nathan M. and {Peterson}, J. Matt and {Peterson}, John R. and {Petravick}, Donald L. and {Libby Petrick}, M.~E. and {Petry}, Cathy E. and {Pierfederici}, Francesco and {Pietrowicz}, Stephen and {Pike}, Rob and {Pinto}, Philip A. and {Plante}, Raymond and {Plate}, Stephen and {Plutchak}, Joel P. and {Price}, Paul A. and {Prouza}, Michael and {Radeka}, Veljko and {Rajagopal}, Jayadev and {Rasmussen}, Andrew P. and {Regnault}, Nicolas and {Reil}, Kevin A. and {Reiss}, David J. and {Reuter}, Michael A. and {Ridgway}, Stephen T. and {Riot}, Vincent J. and {Ritz}, Steve and {Robinson}, Sean and {Roby}, William and {Roodman}, Aaron and {Rosing}, Wayne and {Roucelle}, Cecille and {Rumore}, Matthew R. and {Russo}, Stefano and {Saha}, Abhijit and {Sassolas}, Benoit and {Schalk}, Terry L. and {Schellart}, Pim and {Schindler}, Rafe H. and {Schmidt}, Samuel and {Schneider}, Donald P. and {Schneider}, Michael D. and {Schoening}, William and {Schumacher}, German and {Schwamb}, Megan E. and {Sebag}, Jacques and {Selvy}, Brian and {Sembroski}, Glenn H. and {Seppala}, Lynn G. and {Serio}, Andrew and {Serrano}, Eduardo and {Shaw}, Richard A. and {Shipsey}, Ian and {Sick}, Jonathan and {Silvestri}, Nicole and {Slater}, Colin T. and {Smith}, J. Allyn and {Smith}, R. Chris and {Sobhani}, Shahram and {Soldahl}, Christine and {Storrie-Lombardi}, Lisa and {Stover}, Edward and {Strauss}, Michael A. and {Street}, Rachel A. and {Stubbs}, Christopher W. and {Sullivan}, Ian S. and {Sweeney}, Donald and {Swinbank}, John D. and {Szalay}, Alexander and {Takacs}, Peter and {Tether}, Stephen A. and {Thaler}, Jon J. and {Thayer}, John Gregg and {Thomas}, Sandrine and {Thornton}, Adam J. and {Thukral}, Vaikunth and {Tice}, Jeffrey and {Trilling}, David E. and {Turri}, Max and {Van Berg}, Richard and {Vanden Berk}, Daniel and {Vetter}, Kurt and {Virieux}, Francoise and {Vucina}, Tomislav and {Wahl}, William and {Walkowicz}, Lucianne and {Walsh}, Brian and {Walter}, Christopher W. and {Wang}, Daniel L. and {Wang}, Shin-Yawn and {Warner}, Michael and {Wiecha}, Oliver and {Willman}, Beth and {Winters}, Scott E. and {Wittman}, David and {Wolff}, Sidney C. and {Wood-Vasey}, W. Michael and {Wu}, Xiuqin and {Xin}, Bo and {Yoachim}, Peter and {Zhan}, Hu},
        title = "{LSST: From Science Drivers to Reference Design and Anticipated Data Products}",
      journal = {The Astrophysical Journal},
     keywords = {astrometry, cosmology: observations, Galaxy: general, methods: observational, stars: general, surveys, Astrophysics},
         year = 2019,
        month = mar,
       volume = {873},
       number = {2},
          eid = {111},
        pages = {111},
          doi = {10.3847/1538-4357/ab042c},
archivePrefix = {arXiv},
       eprint = {0805.2366},
 primaryClass = {astro-ph},
       adsurl = {https://ui.adsabs.harvard.edu/abs/2019ApJ...873..111I},
      adsnote = {Provided by the SAO/NASA Astrophysics Data System}
}



@ARTICLE{Cava:2018,
       author = {{Cava}, Antonio and {Schaerer}, Daniel and {Richard}, Johan and {P{\'e}rez-Gonz{\'a}lez}, Pablo G. and {Dessauges-Zavadsky}, Miroslava and {Mayer}, Lucio and {Tamburello}, Valentina},
        title = "{The nature of giant clumps in distant galaxies probed by the anatomy of the cosmic snake}",
      journal = {Nature Astronomy},
     keywords = {Astrophysics - Astrophysics of Galaxies},
         year = 2018,
        month = nov,
       volume = {2},
        pages = {76-82},
          doi = {10.1038/s41550-017-0295-x},
archivePrefix = {arXiv},
       eprint = {1711.03977},
 primaryClass = {astro-ph.GA},
       adsurl = {https://ui.adsabs.harvard.edu/abs/2018NatAs...2...76C},
      adsnote = {Provided by the SAO/NASA Astrophysics Data System}
}



@ARTICLE{Zheng:2012,
       author = {{Zheng}, Wei and {Postman}, Marc and {Zitrin}, Adi and {Moustakas}, John and {Shu}, Xinwen and {Jouvel}, Stephanie and {H{\o}st}, Ole and {Molino}, Alberto and {Bradley}, Larry and {Coe}, Dan and {Moustakas}, Leonidas A. and {Carrasco}, Mauricio and {Ford}, Holland and {Ben{\'\i}tez}, Narciso and {Lauer}, Tod R. and {Seitz}, Stella and {Bouwens}, Rychard and {Koekemoer}, Anton and {Medezinski}, Elinor and {Bartelmann}, Matthias and {Broadhurst}, Tom and {Donahue}, Megan and {Grillo}, Claudio and {Infante}, Leopoldo and {Jha}, Saurabh W. and {Kelson}, Daniel D. and {Lahav}, Ofer and {Lemze}, Doron and {Melchior}, Peter and {Meneghetti}, Massimo and {Merten}, Julian and {Nonino}, Mario and {Ogaz}, Sara and {Rosati}, Piero and {Umetsu}, Keiichi and {van der Wel}, Arjen},
        title = "{A magnified young galaxy from about 500 million years after the Big Bang}",
      journal = {Nature},
     keywords = {Astrophysics - Cosmology and Nongalactic Astrophysics},
         year = 2012,
        month = sep,
       volume = {489},
       number = {7416},
        pages = {406-408},
          doi = {10.1038/nature11446},
archivePrefix = {arXiv},
       eprint = {1204.2305},
 primaryClass = {astro-ph.CO},
       adsurl = {https://ui.adsabs.harvard.edu/abs/2012Natur.489..406Z},
      adsnote = {Provided by the SAO/NASA Astrophysics Data System}
}


@ARTICLE{Roman,
       author = {{Spergel}, D. and {Gehrels}, N. and {Breckinridge}, J. and {Donahue}, M. and {Dressler}, A. and {Gaudi}, B.~S. and {Greene}, T. and {Guyon}, O. and {Hirata}, C. and {Kalirai}, J. and {Kasdin}, N.~J. and {Moos}, W. and {Perlmutter}, S. and {Postman}, M. and {Rauscher}, B. and {Rhodes}, J. and {Wang}, Y. and {Weinberg}, D. and {Centrella}, J. and {Traub}, W. and {Baltay}, C. and {Colbert}, J. and {Bennett}, D. and {Kiessling}, A. and {Macintosh}, B. and {Merten}, J. and {Mortonson}, M. and {Penny}, M. and {Rozo}, E. and {Savransky}, D. and {Stapelfeldt}, K. and {Zu}, Y. and {Baker}, C. and {Cheng}, E. and {Content}, D. and {Dooley}, J. and {Foote}, M. and {Goullioud}, R. and {Grady}, K. and {Jackson}, C. and {Kruk}, J. and {Levine}, M. and {Melton}, M. and {Peddie}, C. and {Ruffa}, J. and {Shaklan}, S.},
        title = "{Wide-Field InfraRed Survey Telescope-Astrophysics Focused Telescope Assets WFIRST-AFTA Final Report}",
      journal = {arXiv e-prints},
     keywords = {Astrophysics - Instrumentation and Methods for Astrophysics},
         year = 2013,
        month = may,
          eid = {arXiv:1305.5422},
        pages = {arXiv:1305.5422},
archivePrefix = {arXiv},
       eprint = {1305.5422},
 primaryClass = {astro-ph.IM},
       adsurl = {https://ui.adsabs.harvard.edu/abs/2013arXiv1305.5422S},
      adsnote = {Provided by the SAO/NASA Astrophysics Data System}
}


@ARTICLE{Euclid,
       author = {{Laureijs}, R. and {Amiaux}, J. and {Arduini}, S. and {Augu{\`e}res}, J. -L. and {Brinchmann}, J. and {Cole}, R. and {Cropper}, M. and {Dabin}, C. and {Duvet}, L. and {Ealet}, A. and {Garilli}, B. and {Gondoin}, P. and {Guzzo}, L. and {Hoar}, J. and {Hoekstra}, H. and {Holmes}, R. and {Kitching}, T. and {Maciaszek}, T. and {Mellier}, Y. and {Pasian}, F. and {Percival}, W. and {Rhodes}, J. and {Saavedra Criado}, G. and {Sauvage}, M. and {Scaramella}, R. and {Valenziano}, L. and {Warren}, S. and {Bender}, R. and {Castander}, F. and {Cimatti}, A. and {Le F{\`e}vre}, O. and {Kurki-Suonio}, H. and {Levi}, M. and {Lilje}, P. and {Meylan}, G. and {Nichol}, R. and {Pedersen}, K. and {Popa}, V. and {Rebolo Lopez}, R. and {Rix}, H. -W. and {Rottgering}, H. and {Zeilinger}, W. and {Grupp}, F. and {Hudelot}, P. and {Massey}, R. and {Meneghetti}, M. and {Miller}, L. and {Paltani}, S. and {Paulin-Henriksson}, S. and {Pires}, S. and {Saxton}, C. and {Schrabback}, T. and {Seidel}, G. and {Walsh}, J. and {Aghanim}, N. and {Amendola}, L. and {Bartlett}, J. and {Baccigalupi}, C. and {Beaulieu}, J. -P. and {Benabed}, K. and {Cuby}, J. -G. and {Elbaz}, D. and {Fosalba}, P. and {Gavazzi}, G. and {Helmi}, A. and {Hook}, I. and {Irwin}, M. and {Kneib}, J. -P. and {Kunz}, M. and {Mannucci}, F. and {Moscardini}, L. and {Tao}, C. and {Teyssier}, R. and {Weller}, J. and {Zamorani}, G. and {Zapatero Osorio}, M.~R. and {Boulade}, O. and {Foumond}, J.~J. and {Di Giorgio}, A. and {Guttridge}, P. and {James}, A. and {Kemp}, M. and {Martignac}, J. and {Spencer}, A. and {Walton}, D. and {Bl{\"u}mchen}, T. and {Bonoli}, C. and {Bortoletto}, F. and {Cerna}, C. and {Corcione}, L. and {Fabron}, C. and {Jahnke}, K. and {Ligori}, S. and {Madrid}, F. and {Martin}, L. and {Morgante}, G. and {Pamplona}, T. and {Prieto}, E. and {Riva}, M. and {Toledo}, R. and {Trifoglio}, M. and {Zerbi}, F. and {Abdalla}, F. and {Douspis}, M. and {Grenet}, C. and {Borgani}, S. and {Bouwens}, R. and {Courbin}, F. and {Delouis}, J. -M. and {Dubath}, P. and {Fontana}, A. and {Frailis}, M. and {Grazian}, A. and {Koppenh{\"o}fer}, J. and {Mansutti}, O. and {Melchior}, M. and {Mignoli}, M. and {Mohr}, J. and {Neissner}, C. and {Noddle}, K. and {Poncet}, M. and {Scodeggio}, M. and {Serrano}, S. and {Shane}, N. and {Starck}, J. -L. and {Surace}, C. and {Taylor}, A. and {Verdoes-Kleijn}, G. and {Vuerli}, C. and {Williams}, O.~R. and {Zacchei}, A. and {Altieri}, B. and {Escudero Sanz}, I. and {Kohley}, R. and {Oosterbroek}, T. and {Astier}, P. and {Bacon}, D. and {Bardelli}, S. and {Baugh}, C. and {Bellagamba}, F. and {Benoist}, C. and {Bianchi}, D. and {Biviano}, A. and {Branchini}, E. and {Carbone}, C. and {Cardone}, V. and {Clements}, D. and {Colombi}, S. and {Conselice}, C. and {Cresci}, G. and {Deacon}, N. and {Dunlop}, J. and {Fedeli}, C. and {Fontanot}, F. and {Franzetti}, P. and {Giocoli}, C. and {Garcia-Bellido}, J. and {Gow}, J. and {Heavens}, A. and {Hewett}, P. and {Heymans}, C. and {Holland}, A. and {Huang}, Z. and {Ilbert}, O. and {Joachimi}, B. and {Jennins}, E. and {Kerins}, E. and {Kiessling}, A. and {Kirk}, D. and {Kotak}, R. and {Krause}, O. and {Lahav}, O. and {van Leeuwen}, F. and {Lesgourgues}, J. and {Lombardi}, M. and {Magliocchetti}, M. and {Maguire}, K. and {Majerotto}, E. and {Maoli}, R. and {Marulli}, F. and {Maurogordato}, S. and {McCracken}, H. and {McLure}, R. and {Melchiorri}, A. and {Merson}, A. and {Moresco}, M. and {Nonino}, M. and {Norberg}, P. and {Peacock}, J. and {Pello}, R. and {Penny}, M. and {Pettorino}, V. and {Di Porto}, C. and {Pozzetti}, L. and {Quercellini}, C. and {Radovich}, M. and {Rassat}, A. and {Roche}, N. and {Ronayette}, S. and {Rossetti}, E. and {Sartoris}, B. and {Schneider}, P. and {Semboloni}, E. and {Serjeant}, S. and {Simpson}, F. and {Skordis}, C. and {Smadja}, G. and {Smartt}, S. and {Spano}, P. and {Spiro}, S. and {Sullivan}, M. and {Tilquin}, A. and {Trotta}, R. and {Verde}, L. and {Wang}, Y. and {Williger}, G. and {Zhao}, G. and {Zoubian}, J. and {Zucca}, E.},
        title = "{Euclid Definition Study Report}",
      journal = {arXiv e-prints},
     keywords = {Astrophysics - Cosmology and Extragalactic Astrophysics, Astrophysics - Galaxy Astrophysics},
         year = 2011,
        month = oct,
          eid = {arXiv:1110.3193},
        pages = {arXiv:1110.3193},
archivePrefix = {arXiv},
       eprint = {1110.3193},
 primaryClass = {astro-ph.CO},
       adsurl = {https://ui.adsabs.harvard.edu/abs/2011arXiv1110.3193L},
      adsnote = {Provided by the SAO/NASA Astrophysics Data System}
}


@ARTICLE{SKA,
       author = {{Dewdney}, P.~E. and {Hall}, P.~J. and {Schilizzi}, R.~T. and {Lazio}, T.~J.~L.~W.},
        title = "{The Square Kilometre Array}",
      journal = {IEEE Proceedings},
         year = 2009,
        month = aug,
       volume = {97},
       number = {8},
        pages = {1482-1496},
          doi = {10.1109/JPROC.2009.2021005},
       adsurl = {https://ui.adsabs.harvard.edu/abs/2009IEEEP..97.1482D},
      adsnote = {Provided by the SAO/NASA Astrophysics Data System}
}

@ARTICLE{LSSTDESC:2021,
       author = {{LSST Dark Energy Science Collaboration (LSST DESC)} and {Abolfathi}, Bela and {Alonso}, David and {Armstrong}, Robert and {Aubourg}, {\'E}ric and {Awan}, Humna and {Babuji}, Yadu N. and {Bauer}, Franz Erik and {Bean}, Rachel and {Beckett}, George and {Biswas}, Rahul and {Bogart}, Joanne R. and {Boutigny}, Dominique and {Chard}, Kyle and {Chiang}, James and {Claver}, Chuck F. and {Cohen-Tanugi}, Johann and {Combet}, C{\'e}line and {Connolly}, Andrew J. and {Daniel}, Scott F. and {Digel}, Seth W. and {Drlica-Wagner}, Alex and {Dubois}, Richard and {Gangler}, Emmanuel and {Gawiser}, Eric and {Glanzman}, Thomas and {Gris}, Phillipe and {Habib}, Salman and {Hearin}, Andrew P. and {Heitmann}, Katrin and {Hernandez}, Fabio and {Hlo{\v{z}}ek}, Ren{\'e}e and {Hollowed}, Joseph and {Ishak}, Mustapha and {Ivezi{\'c}}, {\v{Z}}eljko and {Jarvis}, Mike and {Jha}, Saurabh W. and {Kahn}, Steven M. and {Kalmbach}, J. Bryce and {Kelly}, Heather M. and {Kovacs}, Eve and {Korytov}, Danila and {Krughoff}, K. Simon and {Lage}, Craig S. and {Lanusse}, Fran{\c{c}}ois and {Larsen}, Patricia and {Le Guillou}, Laurent and {Li}, Nan and {Longley}, Emily Phillips and {Lupton}, Robert H. and {Mandelbaum}, Rachel and {Mao}, Yao-Yuan and {Marshall}, Phil and {Meyers}, Joshua E. and {Moniez}, Marc and {Morrison}, Christopher B. and {Nomerotski}, Andrei and {O'Connor}, Paul and {Park}, HyeYun and {Park}, Ji Won and {Peloton}, Julien and {Perrefort}, Daniel and {Perry}, James and {Plaszczynski}, St{\'e}phane and {Pope}, Adrian and {Rasmussen}, Andrew and {Reil}, Kevin and {Roodman}, Aaron J. and {Rykoff}, Eli S. and {S{\'a}nchez}, F. Javier and {Schmidt}, Samuel J. and {Scolnic}, Daniel and {Stubbs}, Christopher W. and {Tyson}, J. Anthony and {Uram}, Thomas D. and {Villarreal}, Antonio and {Walter}, Christopher W. and {Wiesner}, Matthew P. and {Wood-Vasey}, W. Michael and {Zuntz}, Joe},
        title = "{The LSST DESC DC2 Simulated Sky Survey}",
      journal = {The Astrophysical Journal Supplement Series},
     keywords = {Cosmology, N-body simulations, Sky surveys, 343, 1083, 1464, Astrophysics - Instrumentation and Methods for Astrophysics, Astrophysics - Cosmology and Nongalactic Astrophysics},
         year = 2021,
        month = mar,
       volume = {253},
       number = {1},
          eid = {31},
        pages = {31},
          doi = {10.3847/1538-4365/abd62c},
archivePrefix = {arXiv},
       eprint = {2010.05926},
 primaryClass = {astro-ph.IM},
       adsurl = {https://ui.adsabs.harvard.edu/abs/2021ApJS..253...31L},
      adsnote = {Provided by the SAO/NASA Astrophysics Data System}
}

@ARTICLE{GRALE,
       author = {{Liesenborgs}, J. and {De Rijcke}, S. and {Dejonghe}, H.},
        title = "{A genetic algorithm for the non-parametric inversion of strong lensing systems}",
      journal = {Monthly Notices of the Royal Astronomical Society},
     keywords = {gravitational lensing, methods: data analysis, galaxies: clusters: general, dark matter, Astrophysics},
         year = 2006,
        month = apr,
       volume = {367},
       number = {3},
        pages = {1209-1216},
          doi = {10.1111/j.1365-2966.2006.10040.x},
archivePrefix = {arXiv},
       eprint = {astro-ph/0601124},
 primaryClass = {astro-ph},
       adsurl = {https://ui.adsabs.harvard.edu/abs/2006MNRAS.367.1209L},
      adsnote = {Provided by the SAO/NASA Astrophysics Data System}
}




@article{astropy:2013,
Adsnote = {Provided by the SAO/NASA Astrophysics Data System},
Adsurl = {http://adsabs.harvard.edu/abs/2013A%26A...558A..33A},
Archiveprefix = {arXiv},
Author = {{Astropy Collaboration} and {Robitaille}, T.~P. and {Tollerud}, E.~J. and {Greenfield}, P. and {Droettboom}, M. and {Bray}, E. and {Aldcroft}, T. and {Davis}, M. and {Ginsburg}, A. and {Price-Whelan}, A.~M. and {Kerzendorf}, W.~E. and {Conley}, A. and {Crighton}, N. and {Barbary}, K. and {Muna}, D. and {Ferguson}, H. and {Grollier}, F. and {Parikh}, M.~M. and {Nair}, P.~H. and {Unther}, H.~M. and {Deil}, C. and {Woillez}, J. and {Conseil}, S. and {Kramer}, R. and {Turner}, J.~E.~H. and {Singer}, L. and {Fox}, R. and {Weaver}, B.~A. and {Zabalza}, V. and {Edwards}, Z.~I. and {Azalee Bostroem}, K. and {Burke}, D.~J. and {Casey}, A.~R. and {Crawford}, S.~M. and {Dencheva}, N. and {Ely}, J. and {Jenness}, T. and {Labrie}, K. and {Lim}, P.~L. and {Pierfederici}, F. and {Pontzen}, A. and {Ptak}, A. and {Refsdal}, B. and {Servillat}, M. and {Streicher}, O.},
Doi = {10.1051/0004-6361/201322068},
Eid = {A33},
Eprint = {1307.6212},
Journal = {Astronomy & Astrophysics},
Keywords = {methods: data analysis, methods: miscellaneous, virtual observatory tools},
Month = oct,
Pages = {A33},
Primaryclass = {astro-ph.IM},
Title = {{Astropy: A community Python package for astronomy}},
Volume = 558,
Year = 2013,
Bdsk-Url-1 = {https://dx.doi.org/10.1051/0004-6361/201322068}}

@ARTICLE{astropy:2018,
       author = {{Astropy Collaboration} and {Price-Whelan}, A.~M. and
         {Sip{\H{o}}cz}, B.~M. and {G{\"u}nther}, H.~M. and {Lim}, P.~L. and
         {Crawford}, S.~M. and {Conseil}, S. and {Shupe}, D.~L. and
         {Craig}, M.~W. and {Dencheva}, N. and {Ginsburg}, A. and {Vand
        erPlas}, J.~T. and {Bradley}, L.~D. and {P{\'e}rez-Su{\'a}rez}, D. and
         {de Val-Borro}, M. and {Aldcroft}, T.~L. and {Cruz}, K.~L. and
         {Robitaille}, T.~P. and {Tollerud}, E.~J. and {Ardelean}, C. and
         {Babej}, T. and {Bach}, Y.~P. and {Bachetti}, M. and {Bakanov}, A.~V. and
         {Bamford}, S.~P. and {Barentsen}, G. and {Barmby}, P. and
         {Baumbach}, A. and {Berry}, K.~L. and {Biscani}, F. and {Boquien}, M. and
         {Bostroem}, K.~A. and {Bouma}, L.~G. and {Brammer}, G.~B. and
         {Bray}, E.~M. and {Breytenbach}, H. and {Buddelmeijer}, H. and
         {Burke}, D.~J. and {Calderone}, G. and {Cano Rodr{\'\i}guez}, J.~L. and
         {Cara}, M. and {Cardoso}, J.~V.~M. and {Cheedella}, S. and {Copin}, Y. and
         {Corrales}, L. and {Crichton}, D. and {D'Avella}, D. and {Deil}, C. and
         {Depagne}, {\'E}. and {Dietrich}, J.~P. and {Donath}, A. and
         {Droettboom}, M. and {Earl}, N. and {Erben}, T. and {Fabbro}, S. and
         {Ferreira}, L.~A. and {Finethy}, T. and {Fox}, R.~T. and
         {Garrison}, L.~H. and {Gibbons}, S.~L.~J. and {Goldstein}, D.~A. and
         {Gommers}, R. and {Greco}, J.~P. and {Greenfield}, P. and
         {Groener}, A.~M. and {Grollier}, F. and {Hagen}, A. and {Hirst}, P. and
         {Homeier}, D. and {Horton}, A.~J. and {Hosseinzadeh}, G. and {Hu}, L. and
         {Hunkeler}, J.~S. and {Ivezi{\'c}}, {\v{Z}}. and {Jain}, A. and
         {Jenness}, T. and {Kanarek}, G. and {Kendrew}, S. and {Kern}, N.~S. and
         {Kerzendorf}, W.~E. and {Khvalko}, A. and {King}, J. and {Kirkby}, D. and
         {Kulkarni}, A.~M. and {Kumar}, A. and {Lee}, A. and {Lenz}, D. and
         {Littlefair}, S.~P. and {Ma}, Z. and {Macleod}, D.~M. and
         {Mastropietro}, M. and {McCully}, C. and {Montagnac}, S. and
         {Morris}, B.~M. and {Mueller}, M. and {Mumford}, S.~J. and {Muna}, D. and
         {Murphy}, N.~A. and {Nelson}, S. and {Nguyen}, G.~H. and
         {Ninan}, J.~P. and {N{\"o}the}, M. and {Ogaz}, S. and {Oh}, S. and
         {Parejko}, J.~K. and {Parley}, N. and {Pascual}, S. and {Patil}, R. and
         {Patil}, A.~A. and {Plunkett}, A.~L. and {Prochaska}, J.~X. and
         {Rastogi}, T. and {Reddy Janga}, V. and {Sabater}, J. and
         {Sakurikar}, P. and {Seifert}, M. and {Sherbert}, L.~E. and
         {Sherwood-Taylor}, H. and {Shih}, A.~Y. and {Sick}, J. and
         {Silbiger}, M.~T. and {Singanamalla}, S. and {Singer}, L.~P. and
         {Sladen}, P.~H. and {Sooley}, K.~A. and {Sornarajah}, S. and
         {Streicher}, O. and {Teuben}, P. and {Thomas}, S.~W. and
         {Tremblay}, G.~R. and {Turner}, J.~E.~H. and {Terr{\'o}n}, V. and
         {van Kerkwijk}, M.~H. and {de la Vega}, A. and {Watkins}, L.~L. and
         {Weaver}, B.~A. and {Whitmore}, J.~B. and {Woillez}, J. and
         {Zabalza}, V. and {Astropy Contributors}},
        title = "{The Astropy Project: Building an Open-science Project and Status of the v2.0 Core Package}",
      journal = {The Astronomical Journal},
     keywords = {methods: data analysis, methods: miscellaneous, methods: statistical, reference systems, Astrophysics - Instrumentation and Methods for Astrophysics},
         year = 2018,
        month = sep,
       volume = {156},
       number = {3},
          eid = {123},
        pages = {123},
          doi = {10.3847/1538-3881/aabc4f},
archivePrefix = {arXiv},
       eprint = {1801.02634},
 primaryClass = {astro-ph.IM},
       adsurl = {https://ui.adsabs.harvard.edu/abs/2018AJ....156..123A},
      adsnote = {Provided by the SAO/NASA Astrophysics Data System}
}

